# 02 - COSTEO EN GASTRONOM√çA
## Food Service Cost Accounting and Menu Engineering

**Versi√≥n:** 1.0  
**√öltima actualizaci√≥n:** 2025-01-05  
**Documento:** 02/09 del Manual de Teor√≠a Administrativa

---

## Tabla de Contenidos

1. [Introducci√≥n al Costeo Gastron√≥mico](#1-introducci√≥n-al-costeo-gastron√≥mico)
2. [Food Cost: C√°lculo y Gesti√≥n](#2-food-cost-c√°lculo-y-gesti√≥n)
   - 2.1 [Definici√≥n y F√≥rmulas B√°sicas](#21-definici√≥n-y-f√≥rmulas-b√°sicas)
   - 2.2 [Tipos de Food Cost](#22-tipos-de-food-cost)
   - 2.3 [Factores que Afectan el Food Cost](#23-factores-que-afectan-el-food-cost)
3. [Costeo de Recetas (Recipe Costing)](#3-costeo-de-recetas-recipe-costing)
   - 3.1 [Recetas Estandarizadas](#31-recetas-estandarizadas)
   - 3.2 [Metodolog√≠a de Costeo](#32-metodolog√≠a-de-costeo)
   - 3.3 [Precisi√≥n en Mediciones](#33-precisi√≥n-en-mediciones)
   - 3.4 [Ejemplos Pr√°cticos](#34-ejemplos-pr√°cticos)
4. [Yield Analysis (An√°lisis de Rendimiento)](#4-yield-analysis-an√°lisis-de-rendimiento)
   - 4.1 [Conceptos Fundamentales](#41-conceptos-fundamentales)
   - 4.2 [Yield Percentage](#42-yield-percentage)
   - 4.3 [As-Purchased (AP) vs As-Served (AS)](#43-as-purchased-ap-vs-as-served-as)
   - 4.4 [Waste Factor y Trim Loss](#44-waste-factor-y-trim-loss)
5. [Portion Control (Control de Porciones)](#5-portion-control-control-de-porciones)
   - 5.1 [Importancia del Portion Control](#51-importancia-del-portion-control)
   - 5.2 [Herramientas y T√©cnicas](#52-herramientas-y-t√©cnicas)
   - 5.3 [Portion Cost](#53-portion-cost)
6. [Beverage Cost (Costeo de Bebidas)](#6-beverage-cost-costeo-de-bebidas)
   - 6.1 [Alcohol Beverage Cost](#61-alcohol-beverage-cost)
   - 6.2 [Pour Cost](#62-pour-cost)
   - 6.3 [Standard Drink Recipes](#63-standard-drink-recipes)
7. [Prime Cost (Costo Primario)](#7-prime-cost-costo-primario)
   - 7.1 [Definici√≥n y Composici√≥n](#71-definici√≥n-y-composici√≥n)
   - 7.2 [C√°lculo del Prime Cost](#72-c√°lculo-del-prime-cost)
   - 7.3 [Benchmarks de Industria](#73-benchmarks-de-industria)
8. [Menu Engineering (Ingenier√≠a de Men√∫)](#8-menu-engineering-ingenier√≠a-de-men√∫)
   - 8.1 [M√©todo Kasavana & Smith](#81-m√©todo-kasavana--smith)
   - 8.2 [Matriz de Menu Engineering](#82-matriz-de-menu-engineering)
   - 8.3 [Clasificaci√≥n de √çtems](#83-clasificaci√≥n-de-√≠tems)
   - 8.4 [Estrategias por Categor√≠a](#84-estrategias-por-categor√≠a)
9. [Menu Pricing (Fijaci√≥n de Precios)](#9-menu-pricing-fijaci√≥n-de-precios)
   - 9.1 [M√©todos de Pricing](#91-m√©todos-de-pricing)
   - 9.2 [Factor de Markup](#92-factor-de-markup)
   - 9.3 [Pricing Strategies](#93-pricing-strategies)
10. [Inventory Management en Gastronom√≠a](#10-inventory-management-en-gastronom√≠a)
    - 10.1 [Par Stock System](#101-par-stock-system)
    - 10.2 [Sistemas de Pedido](#102-sistemas-de-pedido)
    - 10.3 [Inventory Turnover](#103-inventory-turnover)
11. [Waste Management y Shrinkage](#11-waste-management-y-shrinkage)
    - 11.1 [Tipos de Desperdicio](#111-tipos-de-desperdicio)
    - 11.2 [Control de Mermas](#112-control-de-mermas)
    - 11.3 [C√°lculo del Shrinkage](#113-c√°lculo-del-shrinkage)
12. [Benchmarks de Industria](#12-benchmarks-de-industria)
    - 12.1 [Food Cost Percentage por Tipo de Establecimiento](#121-food-cost-percentage-por-tipo-de-establecimiento)
    - 12.2 [Labor Cost Benchmarks](#122-labor-cost-benchmarks)
    - 12.3 [Prime Cost Targets](#123-prime-cost-targets)
13. [Casos Pr√°cticos Completos](#13-casos-pr√°cticos-completos)
14. [Referencias y Fuentes](#14-referencias-y-fuentes)

---

## 1. Introducci√≥n al Costeo Gastron√≥mico

El costeo gastron√≥mico es una disciplina especializada de contabilidad de costos aplicada a la industria de food service (restaurantes, hoteles, catering, etc.). A diferencia de otras industrias, presenta caracter√≠sticas √∫nicas:

### Caracter√≠sticas Distintivas del Costeo Gastron√≥mico

1. **Inventario Perecedero**
   - Productos con vida √∫til muy corta (d√≠as o incluso horas)
   - Alto riesgo de obsolescencia
   - Necesidad de rotaci√≥n constante (FIFO obligatorio en la pr√°ctica)

2. **Alta Variabilidad**
   - Demanda fluctuante (horarios, d√≠as de la semana, estacionalidad)
   - Precios de materias primas vol√°tiles
   - M√°rgenes operativos ajustados

3. **Complejidad en Producci√≥n**
   - M√∫ltiples ingredientes por plato
   - Procesos de preparaci√≥n complejos
   - P√©rdidas por merma y desperdicio significativas

4. **Labor Intensivo**
   - Alto componente de mano de obra
   - Costos laborales representan 25-35% de ventas t√≠picamente
   - Combinaci√≥n de labor directa e indirecta

### Objetivos del Costeo Gastron√≥mico

1. **Control de Costos**: Mantener food cost y labor cost dentro de rangos objetivo
2. **Pricing Estrat√©gico**: Establecer precios que cubran costos y generen margen objetivo
3. **Profitabilidad por √çtem**: Identificar platos rentables vs no rentables
4. **Gesti√≥n de Inventario**: Optimizar stock, minimizar desperdicio
5. **Performance Monitoring**: Analizar desviaciones y tomar acciones correctivas

---

## 2. Food Cost: C√°lculo y Gesti√≥n

### 2.1 Definici√≥n y F√≥rmulas B√°sicas

El **Food Cost** es el costo de los ingredientes utilizados para producir los platos vendidos. Se expresa generalmente como **Food Cost Percentage**.

#### F√≥rmula B√°sica de Food Cost Percentage

```
Food Cost % = (Cost of Food Sold / Food Sales Revenue) √ó 100
```

**Ejemplo:**
- Ventas de comida del mes: $50,000
- Costo de alimentos vendidos: $16,000

```
Food Cost % = ($16,000 / $50,000) √ó 100 = 32%
```

#### C√°lculo del Cost of Food Sold (M√©todo de Inventario)

```
Cost of Food Sold = Beginning Inventory + Purchases - Ending Inventory
```

**Ejemplo:**
- Inventario inicial (1 de enero): $8,000
- Compras del mes: $18,000
- Inventario final (31 de enero): $10,000

```
Cost of Food Sold = $8,000 + $18,000 - $10,000 = $16,000
```

### 2.2 Tipos de Food Cost

#### 2.2.1 Actual Food Cost

Es el food cost real basado en inventarios f√≠sicos y compras reales.

```
Actual Food Cost % = (Beginning Inventory + Purchases - Ending Inventory) / Sales √ó 100
```

#### 2.2.2 Theoretical Food Cost (Ideal Food Cost)

Es el food cost que **deber√≠a** obtenerse si se siguieran todas las recetas est√°ndar perfectamente, sin desperdicio ni robo.

```
Theoretical Food Cost = Œ£ (Portion Cost √ó Quantity Sold) para todos los √≠tems
```

**Ejemplo:**
- Se vendieron 100 hamburguesas a $2.50 c/u de portion cost = $250
- Se vendieron 75 ensaladas a $1.80 c/u de portion cost = $135
- Se vendieron 50 pastas a $3.20 c/u de portion cost = $160

```
Theoretical Food Cost = $250 + $135 + $160 = $545
```

Si las ventas totales fueron $2,000:
```
Theoretical Food Cost % = ($545 / $2,000) √ó 100 = 27.25%
```

#### 2.2.3 Food Cost Variance

La diferencia entre el actual y el theoretical food cost indica problemas operacionales.

```
Food Cost Variance = Actual Food Cost - Theoretical Food Cost
```

**Ejemplo:**
- Actual Food Cost: $640
- Theoretical Food Cost: $545

```
Variance = $640 - $545 = $95 (17.4% de incremento sobre el te√≥rico)
```

**Causas comunes de variance:**
- Robo (shrinkage)
- Sobreproducci√≥n y desperdicio
- Porciones no controladas
- Errores en recetas
- Mal registro de ventas
- Inventario mal contado

### 2.3 Factores que Afectan el Food Cost

1. **Precios de Proveedores**
   - Fluctuaciones estacionales
   - Negociaci√≥n de contratos
   - Descuentos por volumen

2. **Eficiencia en Producci√≥n**
   - Habilidad del personal
   - Equipamiento adecuado
   - Estandarizaci√≥n de procesos

3. **Control de Porciones**
   - Uso de herramientas de medici√≥n
   - Entrenamiento del personal
   - Supervisi√≥n constante

4. **Desperdicio**
   - Sobreproducci√≥n
   - Preparaci√≥n incorrecta
   - Almacenamiento inadecuado
   - Deterioro de productos

5. **Menu Mix**
   - Proporci√≥n de ventas por categor√≠a
   - √çtems de alto vs bajo food cost
   - Estrategias de pricing

---

## 3. Costeo de Recetas (Recipe Costing)

### 3.1 Recetas Estandarizadas

Una **receta estandarizada** es una f√≥rmula documentada que especifica:

1. **Ingredientes exactos** (con cantidades precisas)
2. **Procedimiento de preparaci√≥n** (paso a paso)
3. **Tama√±o de porci√≥n** (cantidad servida por unidad)
4. **N√∫mero de porciones** (yield de la receta)
5. **Presentaci√≥n** (plating guidelines)

#### Beneficios de Recetas Estandarizadas

- **Consistencia** en sabor, apariencia y costo
- **Control de costos** preciso
- **Facilita entrenamiento** de personal nuevo
- **Permite calcular** theoretical food cost
- **Simplifica el scaling** (ajustar cantidades)

### 3.2 Metodolog√≠a de Costeo

#### Proceso de Recipe Costing

1. **Listar todos los ingredientes** con cantidades exactas
2. **Determinar el costo unitario** de cada ingrediente (por unidad de medida)
3. **Calcular el costo por ingrediente** en la receta
4. **Sumar todos los costos** para obtener el costo total de la receta
5. **Dividir entre el n√∫mero de porciones** para obtener el portion cost

#### F√≥rmula General

```
Portion Cost = Total Recipe Cost / Number of Portions
```

### 3.3 Precisi√≥n en Mediciones

#### Unidades de Medida Comunes

- **Peso**: gramos (g), kilogramos (kg), onzas (oz), libras (lb)
- **Volumen**: mililitros (ml), litros (L), tazas (cups), cucharadas (tbsp), cucharaditas (tsp)
- **Unidades**: cada (each), docena, paquete

#### Conversiones Cr√≠ticas

**Conversiones de Peso:**
```
1 kg = 1,000 g = 2.205 lb
1 lb = 16 oz = 453.592 g
1 oz = 28.35 g
```

**Conversiones de Volumen:**
```
1 L = 1,000 ml = 4.227 cups = 33.814 fl oz
1 gal√≥n (US) = 3.785 L = 128 fl oz
1 cup = 236.588 ml = 8 fl oz
1 tbsp = 14.787 ml
1 tsp = 4.929 ml
```

### 3.4 Ejemplos Pr√°cticos

#### Ejemplo 1: Pasta Alfredo (Recipe Costing Completo)

**Receta Estandarizada: Fettuccine Alfredo**  
**Yield:** 10 porciones de 300g cada una

| Ingrediente | Cantidad | Unidad | Costo Unitario | Costo Total |
|------------|----------|--------|----------------|-------------|
| Fettuccine pasta seca | 1,000 g | kg | $3.50/kg | $3.50 |
| Heavy cream (35%) | 750 ml | L | $8.00/L | $6.00 |
| Butter (mantequilla) | 200 g | kg | $12.00/kg | $2.40 |
| Queso parmesano rallado | 300 g | kg | $18.00/kg | $5.40 |
| Ajo fresco | 30 g | kg | $6.00/kg | $0.18 |
| Sal | 15 g | kg | $1.00/kg | $0.02 |
| Pimienta negra | 5 g | kg | $15.00/kg | $0.08 |
| Perejil fresco | 20 g | kg | $8.00/kg | $0.16 |

**C√°lculos detallados:**

1. **Fettuccine:** 1 kg √ó ($3.50/kg) = $3.50
2. **Heavy cream:** 0.75 L √ó ($8.00/L) = $6.00
3. **Butter:** 0.2 kg √ó ($12.00/kg) = $2.40
4. **Parmesano:** 0.3 kg √ó ($18.00/kg) = $5.40
5. **Ajo:** 0.03 kg √ó ($6.00/kg) = $0.18
6. **Sal:** 0.015 kg √ó ($1.00/kg) = $0.015 ‚âà $0.02
7. **Pimienta:** 0.005 kg √ó ($15.00/kg) = $0.075 ‚âà $0.08
8. **Perejil:** 0.02 kg √ó ($8.00/kg) = $0.16

```
Total Recipe Cost = $3.50 + $6.00 + $2.40 + $5.40 + $0.18 + $0.02 + $0.08 + $0.16
Total Recipe Cost = $17.74

Portion Cost = $17.74 / 10 porciones = $1.774 ‚âà $1.77 por porci√≥n
```

**Pricing Decision:**

Si el target food cost es 30%:
```
Menu Price = Portion Cost / Target Food Cost %
Menu Price = $1.77 / 0.30 = $5.90
```

Redondeado a precio de men√∫: **$5.95 o $6.95** (dependiendo del posicionamiento)

---

#### Ejemplo 2: Hamburguesa Gourmet

**Receta Estandarizada: Gourmet Burger**  
**Yield:** 1 porci√≥n

| Ingrediente | Cantidad | Unidad | Costo Unitario | Costo Total |
|------------|----------|--------|----------------|-------------|
| Carne molida (80/20) | 180 g | kg | $8.50/kg | $1.53 |
| Pan de hamburguesa (brioche) | 1 pieza | docena | $4.80/docena | $0.40 |
| Queso cheddar | 30 g | kg | $14.00/kg | $0.42 |
| Lechuga romana | 20 g | kg | $3.00/kg | $0.06 |
| Tomate | 40 g | kg | $4.00/kg | $0.16 |
| Cebolla caramelizada | 30 g | kg | $2.50/kg | $0.08 |
| Bacon | 20 g | kg | $16.00/kg | $0.32 |
| Salsa especial | 30 ml | L | $12.00/L | $0.36 |
| Pepinillos | 15 g | kg | $8.00/kg | $0.12 |

**C√°lculos:**

```
Total Recipe Cost = $1.53 + $0.40 + $0.42 + $0.06 + $0.16 + $0.08 + $0.32 + $0.36 + $0.12
Total Recipe Cost = $3.45

Portion Cost = $3.45 (es una sola porci√≥n)
```

**Pricing con diferentes targets:**

- **Target 28% food cost:** $3.45 / 0.28 = $12.32 ‚Üí Precio: **$12.50**
- **Target 30% food cost:** $3.45 / 0.30 = $11.50 ‚Üí Precio: **$11.95**
- **Target 32% food cost:** $3.45 / 0.32 = $10.78 ‚Üí Precio: **$10.95**

**Nota:** La elecci√≥n del target depende del tipo de restaurante, competencia, ubicaci√≥n, etc.

---

## 4. Yield Analysis (An√°lisis de Rendimiento)

### 4.1 Conceptos Fundamentales

El **Yield Analysis** determina la cantidad utilizable de un producto despu√©s de la limpieza, preparaci√≥n y cocci√≥n.

**Importancia:**
- Determina el **costo real** de ingredientes preparados
- Permite calcular cantidades de compra correctas
- Identifica p√©rdidas por merma
- Facilita el costeo preciso de recetas

### 4.2 Yield Percentage

```
Yield % = (Edible Portion Weight / As-Purchased Weight) √ó 100
```

**Ejemplo: Lechuga Romana**
- Peso comprado (AP): 1,000 g
- Peso despu√©s de limpieza y corte: 750 g

```
Yield % = (750 g / 1,000 g) √ó 100 = 75%
```

Esto significa que **25% se pierde** en limpieza y recorte.

### 4.3 As-Purchased (AP) vs As-Served (AS)

#### As-Purchased (AP)

Es el peso/volumen del producto **tal como se compra** al proveedor, sin preparaci√≥n.

**Ejemplos:**
- Pollo entero con huesos: 1.5 kg AP
- Papas con piel: 5 kg AP
- Pescado entero: 2 kg AP

#### As-Served (AS) o Edible Portion (EP)

Es el peso/volumen del producto **listo para consumir** despu√©s de toda preparaci√≥n.

**Ejemplos:**
- Pollo sin huesos, cocido: 900 g EP
- Papas peladas, cocidas: 4 kg EP
- Filete de pescado limpio: 1.2 kg EP

#### Relaci√≥n AP-EP

```
AP Weight = EP Weight / Yield %
```

**Ejemplo:**

Necesitas 500 g de cebolla picada (EP) para una receta. El yield de cebolla es 85%.

```
AP Weight = 500 g / 0.85 = 588.24 g ‚âà 590 g

Debes comprar 590 g de cebolla para obtener 500 g picada.
```

### 4.4 Waste Factor y Trim Loss

#### Waste Factor

```
Waste Factor = 1 - Yield %
```

O expresado como porcentaje:
```
Waste % = 100% - Yield %
```

**Ejemplo:**
Si el yield es 75%, entonces:
```
Waste % = 100% - 75% = 25%
```

#### Trim Loss en Carne

**Ejemplo: Lomo de res**

- Compra: 5 kg lomo entero (AP) a $25/kg = $125 total
- Despu√©s de limpiar grasa y tendones: 4.2 kg de carne utilizable (EP)

```
Yield % = (4.2 kg / 5 kg) √ó 100 = 84%
Waste % = 16%
```

**Costo real por kg de carne limpia:**
```
EP Cost per kg = AP Total Cost / EP Weight
EP Cost per kg = $125 / 4.2 kg = $29.76/kg
```

**An√°lisis:**
- Pagaste $25/kg AP
- Pero el costo real es $29.76/kg EP (19% m√°s alto)
- Esta diferencia **debe** reflejarse en el recipe costing

#### Ejemplo Completo: Yield Test para Pollo Rostizado

**Datos de Compra:**
- Pollo entero crudo: 2,000 g (AP)
- Costo: $6.50/kg
- Costo total: 2 kg √ó $6.50 = $13.00

**Proceso y P√©rdidas:**

| Etapa | Peso (g) | % del Original |
|-------|----------|----------------|
| Peso comprado (AP) | 2,000 | 100% |
| Despu√©s de quitar v√≠sceras | 1,900 | 95% |
| Despu√©s de cocci√≥n | 1,600 | 80% |
| Carne deshuesada (EP) | 1,100 | 55% |

```
Yield Final % = (1,100 g / 2,000 g) √ó 100 = 55%
Waste/Loss % = 45%
```

**Costo por kg de carne servible:**
```
EP Cost = $13.00 / 1.1 kg = $11.82/kg

vs el costo AP de $6.50/kg
```

**Implicaci√≥n:** Si usas el costo AP ($6.50) en lugar del costo EP ($11.82) en tus recetas, subestimar√°s tu food cost en **82%**.

---

## 5. Portion Control (Control de Porciones)

### 5.1 Importancia del Portion Control

El control de porciones es **cr√≠tico** para:

1. **Consistencia** en costos
2. **Satisfacci√≥n del cliente** (expectativa vs realidad)
3. **Control del food cost**
4. **Rentabilidad predecible**

**Estad√≠stica de industria:** Variaciones de 10% en el tama√±o de porciones pueden causar variaciones de 3-4% en el food cost total.

### 5.2 Herramientas y T√©cnicas

#### Herramientas Comunes

1. **Scales (B√°sculas digitales)**
   - Precisi√≥n: 1-5 g
   - Uso: Carnes, quesos, pastas, ensaladas

2. **Scoops (Cucharones medidores)**
   - Estandarizados por tama√±o (#6, #8, #10, etc.)
   - Uso: Helado, pur√© de papa, arroz, ensaladas

3. **Ladles (Cucharones con capacidad fija)**
   - Tama√±os: 2 oz, 4 oz, 6 oz, 8 oz
   - Uso: Sopas, salsas, guisos

4. **Measuring Cups/Spoons**
   - Para ingredientes secos y l√≠quidos
   - Uso: Preparaci√≥n de recetas

5. **Portion Scales (B√°sculas de porci√≥n)**
   - Montadas en l√≠nea de servicio
   - Uso: Control en tiempo real

6. **Pre-portioned Items**
   - Compra de productos ya porcionados
   - Ejemplo: Steaks individuales, porciones de mantequilla

#### T√©cnicas de Portion Control

1. **Pre-portioning durante Prep**
   - Dividir porciones antes del servicio
   - Almacenar en contenedores individuales

2. **Plating Templates**
   - Plantillas visuales que muestran cantidad y posici√≥n
   - Fotos de referencia en cocina

3. **Training y Supervisi√≥n**
   - Entrenamiento regular del personal
   - Checks aleatorios durante servicio

### 5.3 Portion Cost

```
Portion Cost = (Ingredient Cost per Unit √ó Portion Size) / Package Size
```

**Ejemplo: Porci√≥n de Queso**

- Queso comprado: bloque de 2.5 kg a $18.00/kg = $45.00 total
- Porci√≥n est√°ndar: 40 g por plato

```
Portion Cost = ($45.00 √ó 40 g) / 2,500 g
Portion Cost = $1,800 / 2,500 = $0.72 por porci√≥n
```

**Variaci√≥n de Costo por Cambio en Porci√≥n:**

| Porci√≥n (g) | Costo por Porci√≥n | Diferencia vs Est√°ndar |
|-------------|-------------------|------------------------|
| 30 g | $0.54 | -$0.18 (-25%) |
| 40 g (est√°ndar) | $0.72 | $0.00 (0%) |
| 50 g | $0.90 | +$0.18 (+25%) |
| 60 g | $1.08 | +$0.36 (+50%) |

**Implicaci√≥n:** Si se sirven consistentemente 50g en lugar de 40g, cada plato cuesta $0.18 m√°s. En 1,000 platos/mes = **$180 de p√©rdida mensual** solo en ese ingrediente.

---

## 6. Beverage Cost (Costeo de Bebidas)

### 6.1 Alcohol Beverage Cost

El costeo de bebidas alcoh√≥licas sigue principios similares al food cost, pero con consideraciones especiales.

#### F√≥rmula de Beverage Cost %

```
Beverage Cost % = (Cost of Beverages Sold / Beverage Sales) √ó 100
```

**Benchmarks t√≠picos:**
- Licores/spirits: 15-20%
- Vinos: 25-40%
- Cervezas: 20-30%
- C√≥cteles: 18-24%

### 6.2 Pour Cost

**Pour Cost** es el costo de los ingredientes en una bebida individual.

#### Ejemplo: C√≥ctel Margarita

**Receta Est√°ndar:**
- Tequila: 2 oz (60 ml)
- Triple Sec: 1 oz (30 ml)
- Jugo de lim√≥n fresco: 1 oz (30 ml)
- Jarabe simple: 0.5 oz (15 ml)

**Costos de Ingredientes:**

| Ingrediente | Botella | Costo Botella | ml por Botella | Costo por ml | Cantidad en Drink | Costo en Drink |
|------------|---------|---------------|----------------|--------------|-------------------|----------------|
| Tequila | 750 ml | $28.00 | 750 | $0.0373 | 60 ml | $2.24 |
| Triple Sec | 750 ml | $18.00 | 750 | $0.0240 | 30 ml | $0.72 |
| Jugo lim√≥n | 1 L | $4.00 | 1,000 | $0.0040 | 30 ml | $0.12 |
| Jarabe | 1 L | $3.00 | 1,000 | $0.0030 | 15 ml | $0.05 |
| Sal para rim | - | - | - | - | - | $0.02 |

```
Total Pour Cost = $2.24 + $0.72 + $0.12 + $0.05 + $0.02 = $3.15
```

**Pricing:**

Target pour cost: 20%
```
Menu Price = Pour Cost / Target %
Menu Price = $3.15 / 0.20 = $15.75

Precio de men√∫: $15.95 o $16.00
```

### 6.3 Standard Drink Recipes

Las **recetas est√°ndar de bebidas** son esenciales para:

1. **Consistencia** en sabor y presentaci√≥n
2. **Control de costos** preciso
3. **Control de alcohol** servido
4. **Compliance** con regulaciones de alcohol

#### Standard Pour Sizes

**Estados Unidos:**
- Shot est√°ndar: 1.5 oz (44 ml)
- Jigger: 1.5 oz / 1 oz (44 ml / 30 ml)
- Vino: 5 oz (148 ml) por copa
- Cerveza: 12 oz (355 ml) o 16 oz (473 ml)

**C√°lculo de Porciones por Botella:**

Botella de licor de 750 ml:
```
N√∫mero de shots = 750 ml / 44 ml = 17.05 ‚âà 17 shots por botella
```

Botella de vino de 750 ml:
```
N√∫mero de copas = 750 ml / 148 ml = 5.07 ‚âà 5 copas por botella
```

---

## 7. Prime Cost (Costo Primario)

### 7.1 Definici√≥n y Composici√≥n

El **Prime Cost** es la suma de:

```
Prime Cost = Cost of Goods Sold (COGS) + Total Labor Cost
```

Donde:
- **COGS** = Food Cost + Beverage Cost
- **Total Labor Cost** = Salarios + Benefits + Payroll Taxes

### 7.2 C√°lculo del Prime Cost

#### Ejemplo Completo: Restaurante Mensual

**Cost of Goods Sold (Mes de Enero):**

*Food:*
- Beginning Inventory: $12,000
- Purchases: $45,000
- Ending Inventory: $14,000
```
Food Cost = $12,000 + $45,000 - $14,000 = $43,000
```

*Beverage:*
- Beginning Inventory: $8,000
- Purchases: $15,000
- Ending Inventory: $9,000
```
Beverage Cost = $8,000 + $15,000 - $9,000 = $14,000
```

```
Total COGS = $43,000 + $14,000 = $57,000
```

**Labor Cost:**
- Salarios brutos: $38,000
- Payroll taxes (estimado 10%): $3,800
- Benefits (estimado 5%): $1,900
```
Total Labor = $38,000 + $3,800 + $1,900 = $43,700
```

**Prime Cost:**
```
Prime Cost = $57,000 + $43,700 = $100,700
```

**Ventas Totales del Mes:**
- Food Sales: $140,000
- Beverage Sales: $45,000
- Total Sales: $185,000

**Prime Cost Percentage:**
```
Prime Cost % = ($100,700 / $185,000) √ó 100 = 54.4%
```

### 7.3 Benchmarks de Industria

El Prime Cost es el **indicador m√°s importante** de salud financiera en restaurantes.

#### Targets por Tipo de Establecimiento

| Tipo de Restaurante | Prime Cost Target |
|---------------------|-------------------|
| Fine Dining | 50-60% |
| Casual Dining | 60-65% |
| Fast Casual | 55-65% |
| Quick Service (Fast Food) | 60-70% |
| Cafeter√≠a | 55-65% |
| Catering | 50-60% |

**Regla general:** Prime Cost debe ser **60% o menos** de las ventas para operaci√≥n saludable.

**Componentes T√≠picos del Prime Cost:**

| Componente | % de Ventas (Rango) |
|-----------|---------------------|
| Food Cost | 28-35% |
| Beverage Cost | 18-24% |
| Labor Cost | 25-35% |
| **Prime Cost Total** | **55-65%** |

#### Ejemplo de An√°lisis de Prime Cost

**Restaurante "La Buena Mesa" - An√°lisis Trimestral:**

| Mes | Total Sales | COGS | Labor | Prime Cost | Prime Cost % |
|-----|-------------|------|-------|------------|--------------|
| Enero | $185,000 | $57,000 | $43,700 | $100,700 | 54.4% |
| Febrero | $170,000 | $54,000 | $45,000 | $99,000 | 58.2% |
| Marzo | $200,000 | $62,000 | $48,000 | $110,000 | 55.0% |
| **Promedio** | **$185,000** | **$57,667** | **$45,567** | **$103,233** | **55.8%** |

**An√°lisis:**
- Target: 60% ‚Üí ‚úÖ Cumple (55.8%)
- Febrero tuvo spike (58.2%) por ventas bajas pero labor fijo
- Opportunity: Mejorar food cost en enero (30.8% est√° alto)

---

## 8. Menu Engineering (Ingenier√≠a de Men√∫)

Menu Engineering es un m√©todo anal√≠tico para **optimizar la rentabilidad del men√∫** mediante el an√°lisis de popularidad y contribuci√≥n de margen de cada √≠tem.

### 8.1 M√©todo Kasavana & Smith

Desarrollado por Michael Kasavana y Donald Smith en 1982, es el m√©todo m√°s usado en la industria.

#### M√©tricas Clave

1. **Popularity (Popularidad)**
   - Mide qu√© tan frecuentemente se vende un √≠tem

2. **Contribution Margin (Margen de Contribuci√≥n)**
   - Mide cu√°nto dinero genera cada √≠tem despu√©s del food cost

#### F√≥rmulas

**Contribution Margin por √çtem:**
```
CM = Menu Price - Food Cost
```

**Menu Mix % (Popularidad):**
```
Menu Mix % = (Cantidad Vendida del √çtem / Total √çtems Vendidos) √ó 100
```

**Average Contribution Margin:**
```
Average CM = Total CM de Todos los √çtems / N√∫mero de √çtems en el Men√∫
```

**Average Menu Mix %:**
```
Average Menu Mix % = 100% / N√∫mero de √çtems
```

Para un men√∫ de 10 √≠tems:
```
Average Menu Mix % = 100% / 10 = 10%
```

**Benchmarks:**
```
High Popularity = Menu Mix % ‚â• (Average Menu Mix % √ó 0.7)
Low Popularity = Menu Mix % < (Average Menu Mix % √ó 0.7)

High CM = CM ‚â• Average CM
Low CM = CM < Average CM
```

### 8.2 Matriz de Menu Engineering

Los √≠tems se clasifican en una matriz 2√ó2:

|                | **High CM** | **Low CM** |
|----------------|-------------|------------|
| **High Popularity** | ‚≠ê STARS | üê¥ PLOWHORSES |
| **Low Popularity** | üß© PUZZLES | üê∂ DOGS |

### 8.3 Clasificaci√≥n de √çtems

#### ‚≠ê STARS (Estrellas)
- **Caracter√≠sticas:** Alta popularidad + Alto margen
- **Significado:** ¬°Los mejores √≠tems del men√∫!
- **Acci√≥n:** Mantener, destacar, nunca cambiar

#### üê¥ PLOWHORSES (Caballos de Trabajo)
- **Caracter√≠sticas:** Alta popularidad + Bajo margen
- **Significado:** Se venden mucho pero generan poco margen
- **Acci√≥n:** Aumentar precio o reducir costo

#### üß© PUZZLES (Acertijos)
- **Caracter√≠sticas:** Baja popularidad + Alto margen
- **Significado:** Rentables pero no se venden
- **Acci√≥n:** Reposicionar, remarketear, reducir precio levemente

#### üê∂ DOGS (Perros)
- **Caracter√≠sticas:** Baja popularidad + Bajo margen
- **Significado:** ¬°√çtems problem√°ticos!
- **Acci√≥n:** Eliminar o reemplazar

### 8.4 Estrategias por Categor√≠a

#### Ejemplo Completo de Menu Engineering

**Restaurante Italiano - An√°lisis de Entr√©es**

**Datos del Mes:**
- Total entr√©es vendidos: 1,200
- N√∫mero de √≠tems en categor√≠a entr√©es: 8
- Average menu mix: 100% / 8 = 12.5%
- Benchmark popularidad: 12.5% √ó 0.7 = 8.75%

**Tabla de An√°lisis:**

| √çtem | Precio | Food Cost | CM | Vendidos | Menu Mix % | Clasificaci√≥n |
|------|--------|-----------|-----|----------|------------|---------------|
| Lasagna | $16.95 | $5.50 | $11.45 | 200 | 16.7% | ? |
| Fettuccine Alfredo | $14.95 | $4.20 | $10.75 | 180 | 15.0% | ? |
| Pollo Parmesano | $18.95 | $6.80 | $12.15 | 150 | 12.5% | ? |
| Salm√≥n Grillado | $22.95 | $9.50 | $13.45 | 90 | 7.5% | ? |
| Ravioli | $15.95 | $5.10 | $10.85 | 160 | 13.3% | ? |
| Osso Buco | $26.95 | $11.20 | $15.75 | 60 | 5.0% | ? |
| Eggplant Parmesano | $13.95 | $3.80 | $10.15 | 140 | 11.7% | ? |
| Pasta Primavera | $13.95 | $4.50 | $9.45 | 220 | 18.3% | ? |

**C√°lculo de Average CM:**

```
Total CM = (200√ó$11.45) + (180√ó$10.75) + (150√ó$12.15) + (90√ó$13.45) + 
           (160√ó$10.85) + (60√ó$15.75) + (140√ó$10.15) + (220√ó$9.45)

Total CM = $2,290 + $1,935 + $1,822.50 + $1,210.50 + $1,736 + $945 + $1,421 + $2,079
Total CM = $13,439

Average CM = $13,439 / 1,200 = $11.20
```

**Clasificaci√≥n de Cada √çtem:**

| √çtem | CM | CM Status | Menu Mix % | Pop Status | Clasificaci√≥n |
|------|-----|-----------|------------|------------|---------------|
| Lasagna | $11.45 | High (>$11.20) | 16.7% | High (>8.75%) | ‚≠ê STAR |
| Fettuccine Alfredo | $10.75 | Low | 15.0% | High | üê¥ PLOWHORSE |
| Pollo Parmesano | $12.15 | High | 12.5% | High | ‚≠ê STAR |
| Salm√≥n Grillado | $13.45 | High | 7.5% | Low | üß© PUZZLE |
| Ravioli | $10.85 | Low | 13.3% | High | üê¥ PLOWHORSE |
| Osso Buco | $15.75 | High | 5.0% | Low | üß© PUZZLE |
| Eggplant Parmesano | $10.15 | Low | 11.7% | High | üê¥ PLOWHORSE |
| Pasta Primavera | $9.45 | Low | 18.3% | High | üê¥ PLOWHORSE |

**Resumen:**
- ‚≠ê **STARS:** 2 (Lasagna, Pollo Parmesano)
- üê¥ **PLOWHORSES:** 4 (Alfredo, Ravioli, Eggplant, Primavera)
- üß© **PUZZLES:** 2 (Salm√≥n, Osso Buco)
- üê∂ **DOGS:** 0

**Estrategias de Acci√≥n:**

1. **‚≠ê STARS (Lasagna, Pollo Parmesano):**
   - Mantener receta y precio
   - Destacar en el men√∫ con dise√±o especial
   - Entrenar staff para recomendar
   - Considerar "featured item" en marketing

2. **üê¥ PLOWHORSES (Alfredo, Ravioli, Eggplant, Primavera):**
   - **Pasta Primavera** (el m√°s vendido pero CM m√°s bajo):
     * Opci√≥n A: Aumentar precio de $13.95 a $14.95 (+$1.00 CM)
     * Opci√≥n B: Reducir food cost (menos vegetales costosos)
   - **Fettuccine Alfredo:**
     * Reducir porci√≥n levemente o usar queso m√°s econ√≥mico
   - **Ravioli y Eggplant:**
     * Peque√±os aumentos de precio ($0.50-$1.00)

3. **üß© PUZZLES (Salm√≥n, Osso Buco):**
   - **Salm√≥n:** Alto margen pero no se vende
     * Reposicionar en men√∫ (moverlo a posici√≥n "golden triangle")
     * Mejorar descripci√≥n del men√∫
     * Precio competitivo: reducir a $21.95
     * Staff training: "upsell" a clientes que piden pescado
   - **Osso Buco:** Margen excelente pero muy bajo volumen
     * Considerar como "special" rotativo en lugar de √≠tem permanente
     * Reducir precio a $24.95 para probar demanda
     * O eliminar si no mejora en 2 meses

**Impacto Proyectado de Cambios:**

Asumiendo mismo volumen de ventas, si implementamos aumentos de precio moderados:

- Pasta Primavera: +$1.00 √ó 220 vendidos = +$220/mes
- Ravioli: +$1.00 √ó 160 = +$160/mes
- Alfredo: +$0.50 √ó 180 = +$90/mes

**Incremento mensual de margen:** +$470 (+3.5% sobre CM actual)

---

## 9. Menu Pricing (Fijaci√≥n de Precios)

### 9.1 M√©todos de Pricing

#### 9.1.1 Food Cost Percentage Method

El m√©todo m√°s com√∫n y simple.

```
Menu Price = Portion Cost / Target Food Cost %
```

**Ejemplo:**
- Portion cost: $4.50
- Target food cost: 30%

```
Menu Price = $4.50 / 0.30 = $15.00
```

**Ventajas:**
- Simple y directo
- Asegura margen m√≠nimo
- F√°cil de calcular

**Desventajas:**
- No considera labor cost
- No considera competencia
- No considera valor percibido

#### 9.1.2 Contribution Margin Pricing

Se enfoca en el margen en d√≥lares, no en porcentaje.

```
Menu Price = Portion Cost + Desired Contribution Margin
```

**Ejemplo:**
- Portion cost: $4.50
- Desired CM: $10.50

```
Menu Price = $4.50 + $10.50 = $15.00
```

**Uso:** Especialmente √∫til en menu engineering para balancear √≠tems.

#### 9.1.3 Prime Cost Pricing

Incluye tanto food cost como labor cost.

```
Menu Price = (Portion Food Cost + Portion Labor Cost) / Target Prime Cost %
```

**Ejemplo:**
- Portion food cost: $4.50
- Portion labor cost: $2.00 (estimado)
- Target prime cost: 55%

```
Menu Price = ($4.50 + $2.00) / 0.55 = $6.50 / 0.55 = $11.82 ‚Üí $11.95
```

**Uso:** Restaurantes fine dining donde la preparaci√≥n es labor-intensive.

#### 9.1.4 Competition-Based Pricing

Precio basado en lo que cobra la competencia.

**Proceso:**
1. Investigar precios de competidores directos
2. Posicionar tu precio seg√∫n estrategia:
   - Premium: +10-20% sobre competencia
   - Par: Igual a competencia
   - Value: -5-10% bajo competencia

**Ejemplo:**
- Competidores cobran por hamburguesa similar: $12-$14
- Tu costo: $4.20
- Estrategia: Posicionamiento par

```
Tu Precio = $13.00 (medio del rango)
Food Cost % resultante = ($4.20 / $13.00) √ó 100 = 32.3%
```

**Validaci√≥n:** El food cost resultante (32.3%) debe ser aceptable para tu modelo de negocio.

#### 9.1.5 Value-Based Pricing

Precio basado en el **valor percibido** por el cliente.

**Factores de valor percibido:**
- Calidad de ingredientes
- Presentaci√≥n
- Ambiente del restaurante
- Ubicaci√≥n
- Exclusividad
- Experiencia total

**Ejemplo:**
- Mismo plato de pasta:
  - Food court: $8.00
  - Casual restaurant: $14.00
  - Fine dining: $28.00

El food cost puede ser similar ($3-4), pero el **contexto y experiencia** permiten pricing diferente.

### 9.2 Factor de Markup

#### Markup vs Margin (Distinci√≥n Cr√≠tica)

**Markup** se calcula sobre el costo:
```
Markup % = (Menu Price - Cost) / Cost √ó 100
```

**Margin** se calcula sobre el precio de venta:
```
Margin % = (Menu Price - Cost) / Menu Price √ó 100
```

#### Conversi√≥n Markup ‚Üî Margin

**De Markup a Margin:**
```
Margin % = Markup % / (1 + Markup %)
```

**De Margin a Markup:**
```
Markup % = Margin % / (1 - Margin %)
```

#### Tabla de Conversi√≥n R√°pida

| Food Cost % | Markup % | Interpretaci√≥n |
|-------------|----------|----------------|
| 50% | 100% | Precio = 2√ó costo |
| 40% | 150% | Precio = 2.5√ó costo |
| 33.3% | 200% | Precio = 3√ó costo |
| 30% | 233% | Precio = 3.33√ó costo |
| 25% | 300% | Precio = 4√ó costo |
| 20% | 400% | Precio = 5√ó costo |

**Ejemplo:**

Portion cost = $5.00

| Target Food Cost % | Markup Factor | Menu Price | C√°lculo |
|-------------------|---------------|------------|---------|
| 50% | 2√ó | $10.00 | $5.00 √ó 2 |
| 33.3% | 3√ó | $15.00 | $5.00 √ó 3 |
| 25% | 4√ó | $20.00 | $5.00 √ó 4 |
| 20% | 5√ó | $25.00 | $5.00 √ó 5 |

### 9.3 Pricing Strategies

#### 9.3.1 Penetration Pricing

Precio inicial bajo para ganar market share r√°pidamente.

**Cu√°ndo usar:**
- Nueva apertura
- Mercado competitivo
- Construir base de clientes

**Riesgo:** Dif√≠cil subir precios despu√©s.

#### 9.3.2 Premium Pricing

Precio alto para posicionar como producto superior.

**Cu√°ndo usar:**
- Producto √∫nico/diferenciado
- Mercado dispuesto a pagar m√°s
- Marca establecida

#### 9.3.3 Bundle Pricing

Ofrecer combos a precio reducido vs √≠tems individuales.

**Ejemplo:**
- Hamburguesa: $12.00
- Papas fritas: $4.00
- Bebida: $3.00
- Total individual: $19.00
- **Combo price:** $16.00 (ahorro de $3.00)

**Beneficio:** Aumenta ticket promedio aunque margen por √≠tem sea menor.

#### 9.3.4 Psychological Pricing

Uso de precios que terminan en .95, .99, etc.

**Ejemplos:**
- $9.99 vs $10.00 (parece significativamente m√°s barato)
- $12.95 (m√°s casual)
- $13.00 (m√°s premium/redondo)

**Investigaci√≥n:** Precios terminados en .95/.99 pueden aumentar ventas 5-8% en ciertos segmentos.

---

## 10. Inventory Management en Gastronom√≠a

### 10.1 Par Stock System

**Par Stock** es el nivel de inventario que debe mantenerse para operar sin quedarse sin stock.

#### Definici√≥n

```
Par Stock = (Daily Usage √ó Lead Time) + Safety Stock
```

**Componentes:**
- **Daily Usage:** Cantidad promedio usada por d√≠a
- **Lead Time:** D√≠as entre pedido y entrega
- **Safety Stock:** Buffer para variabilidad en demanda o entrega

#### Ejemplo: Leche para Caf√©

**Datos:**
- Uso promedio diario: 4 galones
- Lead time del proveedor: 2 d√≠as
- Safety stock deseado: 1 d√≠a de uso

```
Par Stock = (4 galones √ó 2 d√≠as) + (4 galones √ó 1 d√≠a)
Par Stock = 8 + 4 = 12 galones
```

**Regla operacional:**
- Cuando el inventario llegue a **12 galones**, hacer pedido
- Cantidad a pedir: Depende de la frecuencia de entrega

#### Par Stock para M√∫ltiples Entregas por Semana

Si el proveedor entrega 3 veces por semana (cada ~2.3 d√≠as):

```
Order Quantity = Daily Usage √ó Days Between Deliveries + Safety Stock
Order Quantity = 4 galones √ó 2.3 d√≠as + 4 galones = 13.2 ‚âà 14 galones
```

### 10.2 Sistemas de Pedido

#### 10.2.1 Periodic Review System (Sistema de Revisi√≥n Peri√≥dica)

Se revisa el inventario en **intervalos fijos** (ej: todos los lunes) y se ordena la cantidad necesaria para llegar al par stock.

```
Order Quantity = Par Stock - Current Inventory
```

**Ejemplo:**
- Par stock de tomates: 50 kg
- Inventario actual (lunes por la ma√±ana): 18 kg
- Orden: 50 - 18 = 32 kg

#### 10.2.2 Perpetual Inventory System

Se registra cada entrada y salida en **tiempo real** mediante un sistema computarizado.

**Ventajas:**
- Conocimiento exacto de stock en todo momento
- Detecci√≥n inmediata de discrepancias
- Optimizaci√≥n de √≥rdenes

**Desventajas:**
- Requiere tecnolog√≠a (POS integrado)
- Requiere disciplina en registro
- Costo de implementaci√≥n

#### 10.2.3 Just-in-Time (JIT) en Gastronom√≠a

Recibir productos justo cuando se necesitan, minimizando inventario.

**Aplicable a:**
- Pan fresco (entrega diaria)
- Pescado fresco
- Productos altamente perecederos

**Ventajas:**
- M√≠nimo inventario
- M√°xima frescura
- Menor desperdicio

**Desventajas:**
- Dependencia total del proveedor
- Riesgo si hay retraso
- Requiere proveedores confiables

### 10.3 Inventory Turnover

Mide cu√°ntas veces el inventario se "rota" o vende en un per√≠odo.

```
Inventory Turnover = Cost of Goods Sold / Average Inventory
```

**Average Inventory:**
```
Average Inventory = (Beginning Inventory + Ending Inventory) / 2
```

#### Ejemplo Mensual

**Datos de Enero:**
- Beginning inventory: $12,000
- Ending inventory: $14,000
- COGS: $43,000

```
Average Inventory = ($12,000 + $14,000) / 2 = $13,000

Inventory Turnover (mensual) = $43,000 / $13,000 = 3.31 veces
```

**Anualizado:**
```
Annual Turnover = 3.31 √ó 12 = 39.7 veces/a√±o
```

#### Benchmarks de Turnover por Tipo de Producto

| Categor√≠a | Turnover Ideal (veces/mes) | D√≠as de Inventario |
|-----------|----------------------------|-------------------|
| Productos frescos (vegetales, frutas) | 20-30 | 1-1.5 d√≠as |
| Carnes frescas | 15-20 | 1.5-2 d√≠as |
| L√°cteos | 12-15 | 2-2.5 d√≠as |
| Pan y panader√≠a | 25-30 | 1 d√≠a |
| Congelados | 4-6 | 5-7 d√≠as |
| Secos (pasta, arroz, enlatados) | 2-4 | 7-15 d√≠as |
| Bebidas alcoh√≥licas | 1.5-3 | 10-20 d√≠as |

**Days of Inventory on Hand:**
```
Days of Inventory = 30 d√≠as / Turnover Rate
```

Ejemplo:
```
Turnover = 3.31 veces/mes
Days of Inventory = 30 / 3.31 = 9.1 d√≠as
```

**Interpretaci√≥n:** En promedio, el inventario dura 9.1 d√≠as antes de ser vendido.

---

## 11. Waste Management y Shrinkage

### 11.1 Tipos de Desperdicio

#### 11.1.1 Pre-Production Waste (Desperdicio Pre-Producci√≥n)

P√©rdida **antes** de la preparaci√≥n:
- Productos vencidos o deteriorados
- Da√±o en almacenamiento
- Robo
- Recepci√≥n de producto de mala calidad

#### 11.1.2 Production Waste (Desperdicio en Producci√≥n)

P√©rdida **durante** la preparaci√≥n:
- Recortes y pelado (trim loss)
- Errores en preparaci√≥n
- Sobreproducci√≥n
- Producto quemado/arruinado

#### 11.1.3 Post-Production Waste (Desperdicio Post-Producci√≥n)

P√©rdida **despu√©s** de la preparaci√≥n:
- Comida devuelta por clientes
- Porciones no vendidas al final del d√≠a
- Buffet no consumido

### 11.2 Control de Mermas

#### Estrategias de Reducci√≥n

1. **FIFO Estricto** (First In, First Out)
   - Etiquetar productos con fecha de recepci√≥n
   - Rotar stock: lo m√°s antiguo adelante
   - Revisi√≥n diaria de fechas de vencimiento

2. **Almacenamiento Adecuado**
   - Temperaturas correctas (refrigeraci√≥n, congelaci√≥n)
   - Contenedores apropiados (herm√©ticos, etiquetados)
   - Organizaci√≥n para visibilidad

3. **Portion Control**
   - Recetas estandarizadas
   - Herramientas de medici√≥n
   - Supervisi√≥n de cocina

4. **Forecasting Preciso**
   - An√°lisis de patrones de venta
   - Ajuste por eventos/clima/d√≠as especiales
   - Producci√≥n just-in-time donde sea posible

5. **Reuso Creativo**
   - Salsas de vegetales "imperfectos"
   - Sopas de recortes de carne
   - Pan del d√≠a anterior para crutones

### 11.3 C√°lculo del Shrinkage

**Shrinkage** es la diferencia entre el inventario esperado y el inventario real.

```
Shrinkage $ = Expected Inventory - Actual Inventory
Shrinkage % = (Shrinkage $ / Expected Inventory) √ó 100
```

#### Ejemplo

**Inventario Esperado (Perpetual System):**
- Beginning inventory: $10,000
- Purchases: $15,000
- COGS (seg√∫n ventas registradas): $12,000
- Expected ending inventory: $10,000 + $15,000 - $12,000 = $13,000

**Inventario F√≠sico Actual:**
- Physical count: $12,200

```
Shrinkage = $13,000 - $12,200 = $800
Shrinkage % = ($800 / $13,000) √ó 100 = 6.15%
```

**An√°lisis:**
- $800 de producto "desapareci√≥"
- 6.15% es **muy alto** (aceptable: 1-3%)
- Requiere investigaci√≥n inmediata

**Causas potenciales del shrinkage:**
- Robo (empleados o clientes)
- Desperdicio no registrado
- Errores en conteo
- Porciones excesivas
- Comida dada gratis no registrada

---

## 12. Benchmarks de Industria

### 12.1 Food Cost Percentage por Tipo de Establecimiento

| Tipo de Restaurante | Food Cost % Target | Nota |
|---------------------|-------------------|------|
| Fine Dining | 28-35% | Ingredientes premium, alta labor |
| Casual Dining | 28-32% | Balance de calidad y eficiencia |
| Fast Casual | 30-35% | Ingredientes frescos, prep simple |
| Quick Service/Fast Food | 28-32% | Alto volumen, ingredientes econ√≥micos |
| Pizzer√≠a | 25-30% | Masa y queso son econ√≥micos |
| Steakhouse | 30-40% | Carne es costosa |
| Seafood Restaurant | 32-40% | Pescado/marisco costoso y perecedero |
| Buffet | 25-30% | Econom√≠as de escala en compra |
| Cafeter√≠a | 25-35% | Depende de si sirven comidas completas |
| Bar/Pub (food) | 28-35% | Comida es complemento |
| Catering | 30-35% | Ingredientes premium, poca merma |
| Food Truck | 25-30% | Men√∫ limitado, alta eficiencia |

### 12.2 Labor Cost Benchmarks

| Tipo de Establecimiento | Labor Cost % Target |
|------------------------|---------------------|
| Fine Dining | 30-35% |
| Casual Dining | 28-32% |
| Fast Casual | 25-30% |
| Quick Service | 25-30% |
| Cafeter√≠a | 28-35% |

**Componentes de Labor Cost:**
- Salarios y wages (la mayor parte)
- Payroll taxes (t√≠picamente 10-12% de salarios)
- Employee benefits (5-10%: seguro, vacaciones, etc.)

### 12.3 Prime Cost Targets

| Tipo de Restaurante | Prime Cost % Target |
|---------------------|---------------------|
| Fine Dining | 55-60% |
| Casual Dining | 60-65% |
| Fast Casual | 60-65% |
| Quick Service | 60-70% |
| Pizzer√≠a | 55-65% |

**Regla de Oro:**
```
Prime Cost ‚â§ 60% ‚Üí Operaci√≥n saludable
Prime Cost 60-65% ‚Üí Zona de precauci√≥n
Prime Cost > 65% ‚Üí Problemas serios
```

### 12.4 Otras M√©tricas de Industria

#### Revenue per Available Seat Hour (RevPASH)

```
RevPASH = Total Revenue / (Number of Seats √ó Hours Open)
```

**Ejemplo:**
- Restaurante de 80 asientos
- Abierto 8 horas/d√≠a
- Ventas del d√≠a: $6,400

```
RevPASH = $6,400 / (80 √ó 8) = $6,400 / 640 = $10.00 por asiento-hora
```

#### Table Turnover Rate

```
Table Turnover = Number of Parties Served / Number of Tables
```

**Ejemplo:**
- 20 mesas
- 75 grupos atendidos en un turno

```
Turnover = 75 / 20 = 3.75 veces por turno
```

**Benchmarks:**
- Fine dining: 1-1.5 turnos
- Casual dining: 2-3 turnos
- Fast casual: 4-6 turnos

#### Average Check (Ticket Promedio)

```
Average Check = Total Sales / Number of Customers
```

**O para comida espec√≠ficamente:**
```
Average Food Check = Food Sales / Number of Covers
```

---

## 13. Casos Pr√°cticos Completos

### Caso 1: An√°lisis Completo de un Restaurante

**Restaurante:** "Trattoria Bella Vista" - Italian Casual Dining

**Datos del Mes (Marzo 2025):**

**Ventas:**
- Food sales: $180,000
- Beverage sales: $55,000
- Total sales: $235,000
- Covers served: 4,200 clientes

**Inventarios:**
- Food beginning inventory: $18,000
- Food purchases: $58,000
- Food ending inventory: $16,500
- Beverage beginning inventory: $12,000
- Beverage purchases: $16,500
- Beverage ending inventory: $13,000

**Labor:**
- Total payroll (gross): $68,000
- Payroll taxes: $7,500
- Benefits: $3,500
- Total labor: $79,000

---

#### An√°lisis 1: Food Cost

```
Food Cost = Beginning + Purchases - Ending
Food Cost = $18,000 + $58,000 - $16,500 = $59,500

Food Cost % = ($59,500 / $180,000) √ó 100 = 33.06%
```

**Evaluaci√≥n:**
- Target para casual dining: 28-32%
- **Status:** 33.06% est√° **alto** (+1-5 puntos)
- **Acci√≥n requerida:** Investigar causas

---

#### An√°lisis 2: Beverage Cost

```
Beverage Cost = $12,000 + $16,500 - $13,000 = $15,500

Beverage Cost % = ($15,500 / $55,000) √ó 100 = 28.18%
```

**Evaluaci√≥n:**
- Target: 20-24%
- **Status:** 28.18% est√° **alto**
- Posible causa: Demasiadas promociones de bebidas o robo

---

#### An√°lisis 3: Prime Cost

```
COGS = Food Cost + Beverage Cost
COGS = $59,500 + $15,500 = $75,000

Prime Cost = COGS + Total Labor
Prime Cost = $75,000 + $79,000 = $154,000

Prime Cost % = ($154,000 / $235,000) √ó 100 = 65.53%
```

**Evaluaci√≥n:**
- Target: 60-65%
- **Status:** 65.53% est√° en el **l√≠mite superior**
- **Problema:** Poca flexibilidad para otros gastos operacionales

---

#### An√°lisis 4: Other Operating Expenses

Si el prime cost es 65.53%, quedan **34.47%** para:
- Rent/occupancy: ~8-10%
- Utilities: ~3-5%
- Marketing: ~2-3%
- Repairs/maintenance: ~2-3%
- Supplies: ~2-3%
- Admin: ~3-5%
- Other: ~2-3%
- **Total typical:** ~25-32%

**Profit margin esperado:**
```
Profit = 34.47% - 28% (otros gastos estimados) = 6.47%
```

Esto genera profit de:
```
$235,000 √ó 0.0647 = $15,205
```

**Evaluaci√≥n:** Margen muy ajustado. Idealmente deber√≠a ser 8-12%.

---

#### Acciones Correctivas Recomendadas

**Prioridad 1: Reducir Food Cost de 33.06% a 31%**

Opciones:
1. **Aumentar precios** en 2-3%
   - Impacto: Food cost % baja autom√°ticamente
   - Calculaci√≥n: Si ventas suben 3% a $185,400
   - Nuevo food cost %: $59,500 / $185,400 = 32.1%

2. **Reducir costo de ingredientes**
   - Renegociar con proveedores
   - Cambiar a productos estacionales m√°s econ√≥micos
   - Eliminar desperdicio
   - Target: Reducir $3,500/mes en compras

3. **Menu engineering**
   - Promover √≠tems con mejor margen
   - Descontinuar "dogs"
   - Aumentar precio de "plowhorses"

**Prioridad 2: Reducir Beverage Cost de 28.18% a 23%**

Opciones:
1. **Control de porciones en bar**
   - Usar jiggers, no "free pour"
   - Auditar cada botella
2. **Reducir promociones** de bebidas (2√ó1, etc.)
3. **Investigar shrinkage** (posible robo)

**Prioridad 3: Optimizar Labor Cost**

- Labor es 33.62% ($79,000 / $235,000)
- Para casual dining, 28-32% es ideal
- Reducir a 31%: Target = $72,850 ‚Üí Ahorro de $6,150/mes

Opciones:
1. **Optimizar scheduling**
   - Analizar patrones de tr√°fico
   - Reducir horas en per√≠odos lentos
2. **Cross-training**
   - Personal multifuncional
3. **Tecnolog√≠a**
   - POS m√°s eficiente
   - Kitchen display systems

---

### Caso 2: Menu Engineering - Cafeter√≠a

**Cafeter√≠a "Morning Brew"**

**Categor√≠a Analizada:** Sandwiches (Lunch Menu)

**Datos del mes:**
- Total sandwiches vendidos: 2,400
- N√∫mero de opciones: 6

```
Average Menu Mix % = 100% / 6 = 16.67%
High popularity threshold = 16.67% √ó 0.7 = 11.67%
```

**Tabla de Datos:**

| Sandwich | Precio | Food Cost | CM | Vendidos | Menu Mix % |
|----------|--------|-----------|-----|----------|------------|
| Club Sandwich | $9.95 | $3.20 | $6.75 | 520 | 21.67% |
| BLT | $8.95 | $2.80 | $6.15 | 480 | 20.00% |
| Veggie Wrap | $8.50 | $2.10 | $6.40 | 380 | 15.83% |
| Chicken Caesar Wrap | $9.50 | $3.50 | $6.00 | 290 | 12.08% |
| Tuna Melt | $9.25 | $2.95 | $6.30 | 450 | 18.75% |
| Reuben | $10.50 | $4.20 | $6.30 | 280 | 11.67% |

**C√°lculo Average CM:**

```
Total CM = (520√ó$6.75) + (480√ó$6.15) + (380√ó$6.40) + (290√ó$6.00) + 
           (450√ó$6.30) + (280√ó$6.30)

Total CM = $3,510 + $2,952 + $2,432 + $1,740 + $2,835 + $1,764 = $15,233

Average CM = $15,233 / 2,400 = $6.35
```

**Clasificaci√≥n:**

| Sandwich | CM | CM Status | Menu Mix % | Pop Status | Clase |
|----------|-----|-----------|------------|------------|-------|
| Club Sandwich | $6.75 | High | 21.67% | High | ‚≠ê STAR |
| BLT | $6.15 | Low | 20.00% | High | üê¥ PLOWHORSE |
| Veggie Wrap | $6.40 | High | 15.83% | High | ‚≠ê STAR |
| Chicken Caesar | $6.00 | Low | 12.08% | High | üê¥ PLOWHORSE |
| Tuna Melt | $6.30 | Low | 18.75% | High | üê¥ PLOWHORSE |
| Reuben | $6.30 | Low | 11.67% | Marginal | üê¥/üê∂ PLOWHORSE/DOG |

**Estrategias:**

1. **‚≠ê Club Sandwich (STAR):**
   - ¬°Perfecto! Mantener tal cual
   - Destacar en men√∫ y marketing
   - Asegurar disponibilidad siempre

2. **‚≠ê Veggie Wrap (STAR):**
   - Excelente opci√≥n vegetariana
   - Mantener y promover

3. **üê¥ BLT (PLOWHORSE - m√°s popular):**
   - Muy popular pero bajo margen
   - **Acci√≥n:** Aumentar precio a $9.50 (+$0.55)
   - Nuevo CM: $6.70 (se convierte en STAR)

4. **üê¥ Chicken Caesar (PLOWHORSE):**
   - **Acci√≥n:** Aumentar precio a $9.95 (+$0.45)
   - O reducir porci√≥n de pollo levemente

5. **üê¥ Tuna Melt (PLOWHORSE):**
   - **Acci√≥n:** Aumentar a $9.75 (+$0.50)

6. **üê¥/üê∂ Reuben (En el borde):**
   - Popularidad marginal, bajo margen
   - **Opci√≥n A:** Eliminar del men√∫
   - **Opci√≥n B:** Reemplazar con sandwich de mejor margen
   - **Opci√≥n C:** Aumentar precio a $11.50 y ver si mantiene ventas

**Impacto Proyectado (si se implementan aumentos):**

Asumiendo mismo volumen:
- BLT: +$0.55 √ó 480 = +$264/mes
- Chicken Caesar: +$0.45 √ó 290 = +$130.50/mes
- Tuna Melt: +$0.50 √ó 450 = +$225/mes

**Total incremento:** +$619.50/mes (+4.1% sobre CM actual)

---

### Caso 3: Yield Analysis y Recipe Costing - Steakhouse

**Restaurante:** "Prime Cut Steakhouse"

**Producto:** New York Strip Steak

#### Paso 1: Yield Test

**Compra:**
- Producto: Strip loin entero (AP)
- Peso AP: 6.5 kg
- Precio AP: $28/kg
- Costo total: 6.5 kg √ó $28 = $182.00

**Proceso de Fabricaci√≥n:**

| Etapa | Peso (kg) | % del Original | P√©rdida |
|-------|-----------|----------------|---------|
| Peso comprado (AP) | 6.500 | 100% | - |
| Despu√©s de quitar grasa excesiva | 6.100 | 93.85% | 400 g |
| Despu√©s de remover cadena (tenderloin) | 5.800 | 89.23% | 300 g |
| Peso trimmed, listo para cortar (EP) | 5.800 | 89.23% | - |

```
Yield % = (5.800 kg / 6.500 kg) √ó 100 = 89.23%
Waste = 10.77%
```

**Costo por kg EP:**
```
EP Cost per kg = $182.00 / 5.8 kg = $31.38/kg

vs AP Cost de $28.00/kg ‚Üí Incremento de 12.07%
```

#### Paso 2: Portioning

**Especificaci√≥n:** Steaks de 340g (12 oz) cada uno

```
N√∫mero de steaks = 5,800 g / 340 g = 17.06 ‚âà 17 steaks

Costo por steak (porci√≥n cruda) = $182.00 / 17 = $10.71
```

#### Paso 3: Cooking Loss

Los steaks se cocinan a t√©rmino medio (medium), lo que genera p√©rdida adicional por evaporaci√≥n.

**Cooking loss t√≠pico:** 15-20% del peso crudo

Asumiendo 18% loss:
```
Peso cocido = 340 g √ó (1 - 0.18) = 340 g √ó 0.82 = 278.8 g
```

**Yield total desde AP a cooked portion:**
```
Total Yield % = (278.8 g cooked / 386.0 g AP needed) √ó 100

C√°lculo de AP needed por porci√≥n cocida:
Para obtener 340g crudo (que se cocina a 278.8g):
AP needed = 340 g / 0.8923 = 381.1 g AP
```

#### Paso 4: Recipe Costing Completo

**Plato:** New York Strip Steak con Acompa√±amientos

| Componente | Cantidad | Costo Unitario | Costo en Plato |
|-----------|----------|----------------|----------------|
| NY Strip (340g crudo) | 1 steak | $10.71 | $10.71 |
| Papas al horno | 250 g | $0.50/kg | $0.13 |
| Mantequilla | 20 g | $8.00/kg | $0.16 |
| Sour cream | 30 g | $6.00/kg | $0.18 |
| Br√≥coli al vapor | 120 g | $3.50/kg | $0.42 |
| Compound butter (topping) | 25 g | $15.00/kg | $0.38 |
| Garnish (hierbas) | 5 g | $12.00/kg | $0.06 |

```
Total Portion Cost = $10.71 + $0.13 + $0.16 + $0.18 + $0.42 + $0.38 + $0.06
Total Portion Cost = $12.04
```

#### Paso 5: Pricing

**Target food cost:** 35% (t√≠pico para steakhouse debido a carne costosa)

```
Menu Price = $12.04 / 0.35 = $34.40

Precio de men√∫ redondeado: $34.95 o $36.00
```

**An√°lisis con $36.00:**
```
Food Cost % = ($12.04 / $36.00) √ó 100 = 33.44% ‚úì (mejor que target)
Contribution Margin = $36.00 - $12.04 = $23.96
```

---

## 14. Referencias y Fuentes

### Fuentes Acad√©micas y Profesionales

1. **Kasavana, M. L., & Smith, D. I. (1982).** *Menu Engineering: A Practical Guide to Menu Analysis*. Hospitality Publications, Inc.
   - Fundamento del m√©todo de menu engineering

2. **Dopson, L. R., & Hayes, D. K. (2019).** *Food and Beverage Cost Control* (7th ed.). Wiley.
   - Texto est√°ndar en educaci√≥n culinaria sobre cost control

3. **National Restaurant Association (NRA).** *Restaurant Industry Operations Report*.
   - Benchmarks anuales de la industria de restaurantes en EE.UU.

4. **Investopedia.** "Inventory Management: Definition, How It Works, Methods, and Examples."
   - Conceptos de gesti√≥n de inventarios aplicables a gastronom√≠a

5. **Labensky, S. R., Hause, A. M., & Martel, P. A. (2018).** *On Cooking: A Textbook of Culinary Fundamentals* (6th ed.). Pearson.
   - Recetas estandarizadas, yield analysis, conversiones

6. **Drysdale, J., & Galipeau, J. (2016).** *Profitable Menu Planning* (4th ed.). Pearson.
   - Pricing strategies, menu psychology

7. **Miller, J. E., Dopson, L. R., & Hayes, D. K. (2015).** *Food and Beverage Cost Control* (6th ed.). Wiley.
   - Prime cost management, variance analysis

### Organizaciones Profesionales

- **National Restaurant Association (NRA)** - USA
- **Restaurant Association of Ireland (RAI)**
- **International Association of Culinary Professionals (IACP)**
- **Foodservice Consultants Society International (FCSI)**

### Recursos Online

- **Investopedia** - Financial concepts applied to hospitality
- **WebstaurantStore** - Portion control tools, industry guides
- **Toast POS** - Restaurant management resources and benchmarks
- **Square** - Small restaurant financial management guides

---

## Notas de Implementaci√≥n para Sistema ERP

### Requerimientos del Sistema para M√≥dulo Gastron√≥mico

1. **Recipe Management Module**
   - Ingredientes con unidades de medida m√∫ltiples
   - Conversiones autom√°ticas (kg ‚Üî lb, L ‚Üî fl oz, etc.)
   - Yield percentages configurables por ingrediente
   - Sub-recipes (recetas dentro de recetas)
   - Scaling autom√°tico de recetas
   - Precision: 6 decimales (compatible con Decimal.js existente)

2. **Inventory Management**
   - FIFO enforcement
   - Par stock levels configurables
   - Reorder points autom√°ticos
   - Multiple units of measure per product
   - Waste tracking (categorizado)
   - Physical count vs perpetual inventory reconciliation

3. **Cost Tracking**
   - Actual vs theoretical food cost
   - Variance reporting autom√°tico
   - Labor cost integration
   - Prime cost dashboard en tiempo real

4. **Menu Engineering Module**
   - Clasificaci√≥n autom√°tica (Stars, Plowhorses, etc.)
   - Contribution margin analysis
   - Menu mix reporting
   - Profitability heatmaps

5. **Pricing Tools**
   - Multiple pricing methods configurables
   - Automatic price suggestions basadas en target food cost %
   - Competitor price tracking
   - Price elasticity simulation

6. **Reporting & Analytics**
   - Food cost % by period (day/week/month)
   - Beverage cost % separated
   - Prime cost trending
   - Inventory turnover by category
   - Waste reports by type and reason
   - Best-selling items
   - Profitability by menu category

---

**FIN DEL DOCUMENTO 02**

Total de l√≠neas: ~1,850  
Pr√≥ximo documento: **03-COSTEO-SERVICIOS.md**

---
